<record><leader>00000cas a22000007a 4500</leader><controlfield tag="001">11178532</controlfield><controlfield tag="008">840920d18101812ohuwr ne      0   a0eng d</controlfield><datafield ind1=" " ind2=" " tag="010"><subfield code="a">sn 84024193 </subfield></datafield><datafield ind1=" " ind2=" " tag="040"><subfield code="a">NPV</subfield><subfield code="b">eng</subfield><subfield code="c">NPV</subfield><subfield code="d">NPY</subfield><subfield code="d">NPX</subfield><subfield code="d">OCLCQ</subfield><subfield code="d">DLC</subfield><subfield code="d">OCLCG</subfield><subfield code="d">OCLCO</subfield></datafield><datafield ind1="1" ind2=" " tag="029"><subfield code="a">AU@</subfield><subfield code="b">000026395408</subfield></datafield><datafield ind1=" " ind2=" " tag="042"><subfield code="a">msc</subfield></datafield><datafield ind1="0" ind2="0" tag="245"><subfield code="a">Muskingum messenger and Ohio intelligencer.</subfield></datafield><datafield ind1=" " ind2=" " tag="260"><subfield code="a">Zanesville, Ohio :</subfield><subfield code="b">Printed by White, Sawyer &amp; Chambers,</subfield><subfield code="c">1810-</subfield></datafield><datafield ind1=" " ind2=" " tag="300"><subfield code="a">v.</subfield></datafield><datafield ind1=" " ind2=" " tag="310"><subfield code="a">Weekly</subfield></datafield><datafield ind1="0" ind2=" " tag="362"><subfield code="a">Vol. 2, no. 53 (Dec. 8, 1810)-</subfield></datafield><datafield ind1="1" ind2=" " tag="362"><subfield code="a">Ceased with Apr. 1, 1812 issue.</subfield><subfield code="z">Cf. Gutgesell, S. Guide to Ohio newspapers, 1974.</subfield></datafield><datafield ind1=" " ind2=" " tag="500"><subfield code="a">Imprint varies: Printed by Sawyer &amp; Chambers, 1811-1812; published by Sawyer &amp; Chambers, 1812.</subfield></datafield><datafield ind1=" " ind2=" " tag="500"><subfield code="a">References: Brigham, C.S, Amer. newspapers, p. 822.</subfield></datafield><datafield ind1="1" ind2=" " tag="700"><subfield code="a">Sawyer, Porter.</subfield></datafield><datafield ind1="1" ind2=" " tag="700"><subfield code="a">Chambers, David,</subfield><subfield code="d">1780-1864.</subfield></datafield><datafield ind1="1" ind2=" " tag="700"><subfield code="a">White, Joseph Wilkinson,</subfield><subfield code="d">1788-1869.</subfield></datafield><datafield ind1=" " ind2=" " tag="752"><subfield code="a">United States</subfield><subfield code="b">Ohio</subfield><subfield code="c">Muskingum</subfield><subfield code="d">Zanesville.</subfield></datafield><datafield ind1="0" ind2="0" tag="780"><subfield code="t">Muskingum messenger (Zanesville, Ohio : 1809)</subfield><subfield code="w">(DLC)sn 85026403</subfield></datafield><datafield ind1="0" ind2="0" tag="785"><subfield code="t">Muskingum messenger (Zanesville, Ohio : 1812)</subfield><subfield code="w">(DLC)sn 84028823</subfield></datafield></record>